@BOOK{atkins,
	AUTHOR			= "Peter W. Atkins and Julio de Paula",
	TITLE			= "Physikalische Chemie",
	PUBLISHER		= "WILEY-VCH",
	YEAR			= 2006,
	ADDRESS			= "Weinheim",
	EDITION			= 4,
	ISBN			= "978-3527315468"
	}
	
@BOOK{laserheating,
	AUTHOR			= "Prokhorov, A.M. and Konov, V.I. and Ursu, I. and Mih\v{a}ilescu, I.N.",
	TITLE			= "Laser Heating of Metals",
	PUBLISHER		= "ION Publishing Ltd.",
	YEAR			= 1990,
	ADDRESS			= "Bristol",
	SERIES			= "The Adam Hilger Series on Optics and Optoelectronics",
	ISBN			= "0-7503-0040-X"
	}
	
@PHDTHESIS{dissames,
	AUTHOR			= "Jochen Ames",
	TITLE			= "Systematische Untersuchung der Beeinflussung des Werkstoffflusses bei der Inkrementellen Blechumformung mit CNC-Werkzeugmaschinen",
	SCHOOL			= "RWTH Aachen",
	YEAR			= 2008
	}
	
@ARTICLE{hirtindman,
	AUTHOR			= "Gerhard Hirt and Jochen Ames",
	TITLE			= "Inkrementelle Blechumformung mit CNC-Werkzeugmaschinen. Eine wirtschaftliche Alternative für die flexible Herstellung von Prototypen und Kleinserien.",
	JOURNAL			= "Industrie Management",
	YEAR			= 2004,
	VOLUME			= 20,
	NUMBER			= 2,
	PAGES			= {15-18}
	}
	
@PHDTHESIS{dissbambach,
	AUTHOR			= "Markus Bambach",
	TITLE			= "Process Strategies and Modelling Approaches for Asymmetric Incremental Sheet Forming",
	SCHOOL			= "RWTH Aachen",
	YEAR			= 2008
	}
	
@ARTICLE{hybridisf,
	AUTHOR			= "Babak Taleb-Araghi and Alexander Göttmann and Markus Bambach and Tim Biermann and Gerhard Hirt and Andreas Weisheit",
	TITLE			= "Development of Hybrid Incremental Sheet Forming Processes",
	JOURNAL			= "Steel Research International",
	YEAR			= 2010,
	VOLUME			= 81,
	NUMBER			= 9
	}
	
@ARTICLE{cirp2009,
	AUTHOR			= "B. Taleb-Araghi and G. Manco and M. Bambach and G. Hirt",
	TITLE			= "Untersuchung über einen neuen Hybridumformprozess: Inkrementelle Blechumformung kombiniert mit Streckziehumformen",
	JOURNAL			= "CIRP Annals",
	YEAR			= 2009,
	VOLUME			= 58,
	NUMBER			= 1,
	PAGES			= {225-228}
	}
	
@PHDTHESIS{dissjunk,
	AUTHOR			= "Stefan Junk",
	TITLE			= "Inkrementelle Blechumformung mit CNC-Werkzeugmaschinen: Verfahrensgrenzen und Umformstrategien",
	SCHOOL			= "Universität des Saarlandes",
	YEAR			= 2003
	}
	
@ARTICLE{sheetformelt,
	AUTHOR			= "Neugebauer, R. and Altan, T. and Geiger, M. and Kleiner, M. and Sterzing, A.",
	TITLE			= "Sheet Metal Forming at Elevated Temperatures",
	JOURNAL			= "CIRP Annals",
	YEAR			= 2006,
	VOLUME			= 55,
	NUMBER			= 2,
	PAGES			= {793-816}
	}

@INPROCEEDINGS{werkzeugausl,
	AUTHOR			= "Neugebauer, R. and Bräunlich, H. and Schieck, F.",
	TITLE			= "Werkzeugauslegung für das temperierte Umformen",
	BOOKTITLE		= "Tagungsband des 29. EFB-Kolloquiums Blechverarbeitung",
	YEAR			= 2009,
	ADDRESS			= "Bad Boll",
	VOLUME			= 30,
	PAGES			= {135-151}
	}
	
@ARTICLE{electrichotif,
	AUTHOR			= "Guoqiang Fan and L. Gao and G. Hussain and Zhaoli Wu",
	TITLE			= "Electric hot incremental forming: A novel technique",
	JOURNAL			= "International Journal of Machine Tools and Manufacture",
	YEAR			= 2008,
	VOLUME			= 48,
	NUMBER			= 15,
	PAGES			= {1688-1692}
	}
	
@MASTERSTHESIS{diplbailly,
	AUTHOR			= "David Bailly",
	TITLE			= "Erarbeitung eines Konzeptes zur Regelung der Temperaturen bei der Kombination der inkrementellen Blechumformung (IBU) mit konduktiver Erwärmung",
	SCHOOL			= "RWTH Aachen",
	YEAR			= 2010,
	TYPE			= {Diplomarbeit}
	}
	
@INPROCEEDINGS{hybridtimg,
	AUTHOR			= "Tim Biermann and Alexander Göttmann and Joachim Zettler and Markus Bambach and Andreas Weisheit and Gerhard Hirt and Reinhart Poprawe",
	TITLE			= "Hybrid Laser-Assisted Incremental Sheet Forming - Improving Formability of Ti- and Mg-Based Alloys",
	BOOKTITLE		= "Proceedings of the Fifth International WLT-Conference on Lasers in Manufacturing",
	YEAR			= 2009
	}
	
@BOOK{sepaxis,
	EDITOR			= "Lambert M. Surhone and Miriam T. Timpledon and Susan F. Marseken",
	TITLE			= "Separating Axis Theorem",
	PUBLISHER		= "Betascript Publishing",
	YEAR			= 2010,
	ISBN			= "978-6131220241"
}

@MISC{imgsat,
	AUTHOR			= "{DGL Wiki}",
	TITLE			= "Tutorial Spearating Axis Theorem",
	YEAR 			= "2009",
	howpublished	= "{http://wiki.delphigl.com/index.php/Tutorial\_Separating\_Axis\_Theorem}",
	note 			= "[Online; abgerufen am 01.08.2011]"
	
}

@BOOK{hdindw,
	AUTHOR			= "Josef Stepanek",
	TITLE			= "Taschenbuch industrielle Wärmetechnik",
	PUBLISHER		= "Vulkan-Verlag",
	YEAR			= 1994,
	ADDRESS			= "Essen",
	EDITION			= 3,
	ISBN			= "3-8027-2907-2"
}

@BOOK{gerthsen,
	AUTHOR			= "Christian Gerthsen and Dieter Meschede",
	TITLE			= "Gerthsen Physik",
	PUBLISHER		= "Springer",
	YEAR			= 2002,
	EDITION			= 21,
	ADDRESS			= "Berlin",
	ISBN			= "978-3540420248"
}

@ARTICLE{baake_induction,
	AUTHOR			= "Egbert Baake",
	TITLE			= "Grundlagen und Anwendungen elektrothermischer Verfahren. Folge 1: Induktive Erwärmung",
	JOURNAL			= "Elektrowärme International",
	YEAR			= 2009,
	VOLUME			= 67,
	NUMBER			= 1,
	PAGES			= {49-51}
}
	
@ARTICLE{baake_plasma,
	AUTHOR			= "Egbert Baake",
	TITLE			= "Grundlagen und Anwendungen elektrothermischer Verfahren. Folge 2: Plasmaerwärmung",
	JOURNAL			= "Elektrowärme International",
	YEAR			= 2009,
	VOLUME			= 67,
	NUMBER			= 2,
	PAGES			= {133-135}
}

@ARTICLE{baake_conduction,
	AUTHOR			= "Egbert Baake",
	TITLE			= "Grundlagen und Anwendungen elektrothermischer Verfahren. Folge 5: Konduktive Erwärmung",
	JOURNAL			= "Elektrowärme International",
	YEAR			= 2010,
	VOLUME			= 68,
	NUMBER			= 1,
	PAGES			= {41-53}
}

@ARTICLE{baake_infrared,
	AUTHOR			= "Egbert Baake",
	TITLE			= "Grundlagen und Anwendungen elektrothermischer Verfahren. Folge 6: Infraroterwärmung",
	JOURNAL			= "Elektrowärme International",
	YEAR			= 2009,
	VOLUME			= 68,
	NUMBER			= 2,
	PAGES			= {133-135}
}

@ARTICLE{baake_laser,
	AUTHOR			= "Egbert Baake",
	TITLE			= "Grundlagen und Anwendungen elektrothermischer Verfahren. Folge 7: Laserstrahlerwärmung",
	JOURNAL			= "Elektrowärme International",
	YEAR			= 2010,
	VOLUME			= 68,
	NUMBER			= 3,
	PAGES			= {242-244}
}

@ARTICLE{laseraisfti,
	AUTHOR			= "Alexander Göttmann and Jens Diettrich and Georg Bergweiler and Markus Bambach and Gerhard Hirt and Peter Loosen and Reinhart Poprawe",
	TITLE			= "Laser-assisted asymmetric incremental sheet forming of titanium sheet metal parts",
	JOURNAL			= "Production Engineering - Research and Development",
	YEAR			= 2011
}